@book{harris_multirate_book,
author = {harris, fredric},
title = {Multirate Signal Processing},
publisher = {Prentice Hall PTR},
year = {2004},
}

@article{phaseNoiseImpactOnCancellation,
author = "{Sahai, A., Patel, G., Dick, C., {\&} Sabharwal, A.}",
title = "{Understanding the Impact of Phase Noise on Active Cancellation in Wireless Full-Duplex}",
journal = "{Proceedings of Asilomar Conference on Signals, Systems, and Computers}",
year = {2012},
}

@techreport{converting_oscillator_phase_noise_to_time_jitter,
author="{Kester, W.}",
title="{Converting Oscillator Phase Noise to Time Jitter}",
type="{MT-008 Tutorial}",
institution="{Analog Devices, Inc.}",
year = "{2008}",
}

@manual{nxp:tja1043,
	organization  = "NXP Semiconductors",
	title         = "High-speed CAN transceiver",
	number        = "TJA1043",
	year          =  2013,
	month         =  4,    
	note          = "Rev. 3"
}

@misc{my_notes,
title={Digital {U}p {C}onversion},
note={Company},
year = {2020}
}
